@phdthesis{LEAL2013,
    author = {Elizondo Leal, Juan Carlos},
    title  = {Estrategia descentralizada para la exploración multi-robot, incluyendo restricciones en rango de comunicación},
    year = {2013},
    month = {Junio},
    school = {CINVESTAV Unidad Tamaulipas},
    url={https://repositorio.cinvestav.mx/handle/cinvestav/69?locale-attribute=en}
}