%% This BibTeX bibliography file was created using BibDesk.
%% http://bibdesk.sourceforge.net/


%% Created for Jorge Hernandez at 2010-11-25 21:08:41 -0600 


%% Saved with string encoding Unicode (UTF-8) 


@inproceedings{Kennedy1995,
	Author = {James Kennedy and Russell Eberhart},
	Booktitle = {IEEE International Conference on Neural Networks},
	Date-Added = {2010-10-26 15:34:04 -0500},
	Date-Modified = {2010-11-25 20:54:08 -0600},
	Journal = {IEEE International Conference on Neural Networks},
	Pages = {1942-1948},
	Title = {{P}article {S}warm {O}ptimization},
	Volume = {4},
	Year = {1995}}

@misc{Price1997,
	Author = {Kenneth Price and Rainer Storn},
	Date-Added = {2010-10-26 15:29:48 -0500},
	Date-Modified = {2010-11-25 20:53:58 -0600},
	Journal = {Dr. Dobb's Journal 22},
	Month = {April},
	Title = {{D}ifferential {E}volution - a simple evolution strategy for fast optimization},
	Year = {1997}}

@phdthesis{VanDenBergh2002,
	Address = {Pretoria, South Africa, South Africa},
	Author = {Frans van den Bergh},
	Date-Added = {2010-10-26 15:20:01 -0500},
	Date-Modified = {2010-11-25 20:54:51 -0600},
	Month = {November},
	School = {University of Pretoria},
	Title = {{A}n {A}nalysis of {P}article {S}warm {O}ptimizers},
	Year = {2001}}

@article{Clerc2002,
	Author = {Maurice Clerc and James Kennedy},
	Date-Modified = {2010-11-25 20:53:27 -0600},
	Doi = {10.1109/4235.985692},
	File = {:Users/jorge/Documents/Thesis/Lecturas Tesis/AParticleSwarmAnalysis.pdf:pdf},
	Issn = {1089778X},
	Journal = {IEEE Transactions on Evolutionary Computation},
	Number = {1},
	Pages = {58-73},
	Title = {{T}he {P}article {S}warm - {E}xplosion, {S}tability, and {C}onvergence in a {M}ultidimensional {C}omplex {S}pace},
	Url = {http://ieeexplore.ieee.org/lpdocs/epic03/wrapper.htm?arnumber=985692},
	Volume = {6},
	Year = {2002},
	Bdsk-Url-1 = {http://ieeexplore.ieee.org/lpdocs/epic03/wrapper.htm?arnumber=985692},
	Bdsk-Url-2 = {http://dx.doi.org/10.1109/4235.985692}}

@incollection{Kennedy1998,
	Author = {James Kennedy},
	Booktitle = {Evolutionary Programming VII},
	Date-Modified = {2010-11-25 20:54:15 -0600},
	Editor = {Porto, V. and Saravanan, N. and Waagen, D. and Eiben, A.},
	File = {:Users/jorge/Documents/Thesis/Lecturas Tesis/TheBehaviorOfParticles.pdf:pdf},
	Journal = {Evolutionary Programming VII},
	Publisher = {Springer Berlin / Heidelberg},
	Series = {Lecture Notes in Computer Science},
	Title = {{T}he {B}ehavior of {P}articles},
	Url = {http://www.springerlink.com/index/9061j8272165l580.pdf},
	Volume = {1447},
	Year = {1998},
	Bdsk-Url-1 = {http://www.springerlink.com/index/9061j8272165l580.pdf}}

@article{Kennedy2003,
	Author = {James Kennedy},
	Date-Modified = {2010-11-25 21:08:34 -0600},
	Doi = {10.1109/SIS.2003.1202251},
	File = {:Users/jorge/Documents/Thesis/Lecturas Tesis/BareBonesPSO.pdf:pdf},
	Isbn = {0-7803-7914-4},
	Journal = {Swarm Intelligence Symposium, 2003. SIS '03. Proceedings of the 2003 IEEE},
	Pages = {80-87},
	Publisher = {Ieee},
	Title = {{B}are {B}ones {P}article {S}warms},
	Url = {http://ieeexplore.ieee.org/xpls/abs\_all.jsp?arnumber=1202251},
	Volume = {729},
	Year = {2003},
	Bdsk-Url-1 = {http://ieeexplore.ieee.org/xpls/abs%5C_all.jsp?arnumber=1202251},
	Bdsk-Url-2 = {http://dx.doi.org/10.1109/SIS.2003.1202251}}

@article{Neri2009,
	Author = {Neri Ferrante and Tirronen Ville},
	Date-Modified = {2010-11-25 20:53:13 -0600},
	Doi = {10.1007/s10462-009-9137-2},
	File = {:Users/jorge/Documents/Thesis/Lecturas Tesis/NeriDEAdvances.pdf:pdf},
	Issn = {0269-2821},
	Journal = {Artificial Intelligence Review},
	Month = oct,
	Number = {1-2},
	Pages = {61-106},
	Title = {{R}ecent advances in differential evolution: a survey and experimental analysis},
	Url = {http://www.springerlink.com/index/10.1007/s10462-009-9137-2},
	Volume = {33},
	Year = {2009},
	Bdsk-Url-1 = {http://www.springerlink.com/index/10.1007/s10462-009-9137-2},
	Bdsk-Url-2 = {http://dx.doi.org/10.1007/s10462-009-9137-2}}

@article{Omran2009,
	Author = {Mahamed Omran and Andries Engelbrecht and Ayed Salman},
	Date-Modified = {2010-11-25 20:53:45 -0600},
	Doi = {10.1016/j.ejor.2008.02.035},
	File = {:Users/jorge/Documents/Thesis/Lecturas Tesis/BBDE.pdf:pdf},
	Issn = {03772217},
	Journal = {European Journal of Operational Research},
	Keywords = {differential evolution,evolutionary computation,particle swarm optimization},
	Month = jul,
	Number = {1},
	Pages = {128-139},
	Title = {{B}are bones differential evolution},
	Url = {http://linkinghub.elsevier.com/retrieve/pii/S0377221708002440},
	Volume = {196},
	Year = {2009},
	Bdsk-Url-1 = {http://linkinghub.elsevier.com/retrieve/pii/S0377221708002440},
	Bdsk-Url-2 = {http://dx.doi.org/10.1016/j.ejor.2008.02.035}}

@article{Ozcan,
	Author = {Ender Ozcan and Chilukuri K. Mohan},
	Date-Modified = {2010-11-25 20:55:02 -0600},
	Doi = {10.1109/CEC.1999.785510},
	File = {:Users/jorge/Documents/Thesis/Lecturas Tesis/ParticleSwarmOptimizationSurfingTheWaves.pdf:pdf},
	Isbn = {0-7803-5536-9},
	Journal = {Proceedings of the 1999 Congress on Evolutionary Computation},
	Pages = {1939 - 1944},
	Publisher = {Ieee},
	Title = {{P}article {S}warm {O}ptimization: {S}urfing the {W}aves},
	Url = {http://ieeexplore.ieee.org/lpdocs/epic03/wrapper.htm?arnumber=785510},
	Year = {1999},
	Bdsk-Url-1 = {http://ieeexplore.ieee.org/lpdocs/epic03/wrapper.htm?arnumber=785510},
	Bdsk-Url-2 = {http://dx.doi.org/10.1109/CEC.1999.785510}}

@article{Ozcan1998,
	Author = {Ender Ozcan and Chilukuri K. Mohan},
	Date-Modified = {2010-11-25 20:55:15 -0600},
	File = {:Users/jorge/Documents/Thesis/Lecturas Tesis/AnalysisSimplePSOSystem.pdf:pdf},
	Journal = {Neural networks, fuzzy systems},
	Title = {{A}nalysis of a {S}imple {P}article {S}warm {O}ptimization {S}ystem},
	Url = {http://scholar.google.com/scholar?hl=en\&btnG=Search\&q=intitle:Analysis+of+a+simple+particle+swarm+optimization+system\#0},
	Year = {1998},
	Bdsk-Url-1 = {http://scholar.google.com/scholar?hl=en%5C&btnG=Search%5C&q=intitle:Analysis+of+a+simple+particle+swarm+optimization+system%5C#0}}

@book{Rao2009,
	Author = {Singiresu S. Rao},
	Date-Modified = {2010-11-25 20:53:01 -0600},
	Edition = {{4th}},
	note = {ISBN 978-0-470-18352-6},
	File = {:Users/jorge/Documents/Thesis/Lecturas Tesis/Engineering Optimization Theory and Practice 4th Edition.pdf:pdf},
	Keywords = {Copyright {\copyright} 2009 Wiley-Blackwell. Uploaded By Dr Yasser S. Said},
	Publisher = {John Wiley and Sons},
	Title = {{E}ngineering {O}ptimization: {T}heory and {P}ractice},
	Url = {http://books.google.com/books?hl=en\&amp;lr=\&amp;id=YNt34dvnQLEC\&amp;oi=fnd\&amp;pg=PA63\&amp;dq=Engineering+optimization:+theory+and+practice\&amp;ots=FtMvVOEWYR\&amp;sig=Yp9AEG99c5kFz2lvaoqSoltlRtc},
	Year = {2009},
	Bdsk-Url-1 = {}}

@article{Vandenbergh2006,
	Author = {Frans van den Bergh and Andries P. Engelbrecht},
	Date-Modified = {2010-11-25 20:54:44 -0600},
	Doi = {10.1016/j.ins.2005.02.003},
	File = {:Users/jorge/Documents/Thesis/Lecturas Tesis/AStudyPSOParticleTrajectories.pdf:pdf},
	Issn = {00200255},
	Journal = {Information Sciences},
	Keywords = {convergence,equilibrium,particle swarm optimization,particle trajectories},
	Month = apr,
	Number = {{8}},
	Pages = {937-971},
	Title = {{A} study of particle swarm optimization particle trajectories},
	Url = {http://linkinghub.elsevier.com/retrieve/pii/S0020025505000630},
	Volume = {176},
	Year = {2006},
	Bdsk-Url-1 = {http://linkinghub.elsevier.com/retrieve/pii/S0020025505000630},
	Bdsk-Url-2 = {http://dx.doi.org/10.1016/j.ins.2005.02.003}}




@book{Feoktistov2006,
	Author = {Vitaliy Feoktistov},
	Date-Modified = {},
	Edition = {{5th}},
	note = {},
	File = {},
	Keywords = {},
	Publisher = {Springer},
	Title = {{D}ifferential {E}volution: {I}n {S}earch of {S}olutions},
	Url = {},
	Year = {2006},
	Bdsk-Url-1 = {}}



	@inproceedings{Zaharie2002,
		Author = {Daniela Zaharie},
		Booktitle = {Proceedings of 8th international mendel conference on soft computing},
		Date-Added = {},
		Date-Modified = {},
		Journal = {Proceedings of 8th international mendel conference on soft computing},
		Pages = {62-67},
		Title = {{C}ritical Values for control parameters of differential evolution algorithm},
		Volume = {},
		Year = {2002}}


@INPROCEEDINGS{Mallipeddi2008,
		author={Mallipeddi, R. and Suganthan, P.N.},
		booktitle={Evolutionary Computation, 2008. CEC 2008. (IEEE World Congress on Computational Intelligence). IEEE Congress on}, title={Empirical study on the effect of population size on Differential evolution Algorithm},
		year={2008},
		month={june},
		volume={},
		number={},
		pages={3663 -3670},
		keywords={differential evolution algorithm;population size;real-parameter optimization;evolutionary computation;},
		doi={10.1109/CEC.2008.4631294},
		ISSN={},}
		
		
		@article{Zhang2009,
		title = "A novel hybrid differential evolution and particle swarm optimization algorithm for unconstrained optimization",
		journal = "Operations Research Letters",
		volume = "37",
		number = "2",
		pages = "117 - 122",
		year = "2009",
		note = "",
		issn = "0167-6377",
		doi = "DOI: 10.1016/j.orl.2008.12.008",
		url = "http://www.sciencedirect.com/science/article/pii/S0167637709000145",
		author = "Changsheng Zhang and Jiaxu Ning and Shuai Lu and Dantong Ouyang and Tienan Ding",
		keywords = "Particle swarm optimization",
		keywords = "Unconstrained optimization",
		keywords = "Differential evolution algorithm"
		}

		@incollection {Fu2011,
		   author = {Fu, Wenlong and Johnston, Mark and Zhang, Mengjie},
		   affiliation = {School of Mathematics, Statistics and Operations Research, Victoria University of Wellington, P.O. Box 600, Wellington, New Zealand},
		   title = {Hybrid Particle Swarm Optimisation Algorithms Based on Differential Evolution and Local Search},
		   booktitle = {AI 2010: Advances in Artificial Intelligence},
		   series = {Lecture Notes in Computer Science},
		   editor = {Li, Jiuyong},
		   publisher = {Springer Berlin / Heidelberg},
		   isbn = {},
		   pages = {313-322},
		   volume = {6464},
		   url = {http://dx.doi.org/10.1007/978-3-642-17432-2-32},
		   note = {10.1007/978-3-642-17432-2-32},
		   year = {2011}
		}
		
		@incollection {Wickramasinghe2008,
		   author = {Wickramasinghe, Upali and Li, Xiaodong},
		   affiliation = {RMIT University School of Computer Science and Information Technology Melbourne VIC 3001 Australia},
		   title = {Choosing Leaders for Multi-objective PSO Algorithms Using Differential Evolution},
		   booktitle = {Simulated Evolution and Learning},
		   series = {Lecture Notes in Computer Science},
		   editor = {Li, Xiaodong and Kirley, Michael and Zhang, Mengjie and Green, David and Ciesielski, Vic and Abbass, Hussein and Michalewicz, Zbigniew and Hendtlass, Tim and Deb, Kalyanmoy and Tan, Kay and Branke, Jürgen and Shi, Yuhui},
		   publisher = {Springer Berlin / Heidelberg},
		   isbn = {},
		   pages = {249-258},
		   volume = {5361},
		   url = {http://dx.doi.org/10.1007/978-3-540-89694-4-26},
		   note = {10.1007/978-3-540-89694-4-26},
		   year = {2008}}
		
		@TECHREPORT{Deb2001,
		    author = {Kalyanmoy Deb and Lothar Thiele and Marco Laumanns and Eckart Zitzler},
		    title = {Scalable Test Problems for Evolutionary Multi-Objective Optimization},
		    institution = {Computer Engineering and Networks Laboratory (TIK), Swiss Federal Institute of Technology (ETH},
		    year = {2001}
		}
		
		@article{Storn1997,
		 author = {Storn, Rainer and Price, Kenneth},
		 title = {Differential Evolution. A Simple and Efficient Heuristic for Global Optimization over Continuous Spaces},
		 journal = {J. of Global Optimization},
		 volume = {11},
		 issue = {4},
		 month = {December},
		 year = {1997},
		 issn = {0925-5001},
		 pages = {341--359},
		 numpages = {19},
		 url = {http://portal.acm.org/citation.cfm?id=596061.596146},
		 doi = {10.1023/A:1008202821328},
		 acmid = {596146},
		 publisher = {Kluwer Academic Publishers},
		 address = {Hingham, MA, USA},
		 keywords = {Stochastic optimization, evolution strategy, genetic algorithm, global optimization, nonlinear optimization},
		} 
		
						@INPROCEEDINGS{Mezura2006,
		AUTHOR = "Efrén Mezura-Montes and Jesús Velázquez-Reyes and Carlos A. Coello Coello",
		TITLE = "A comparative study of differential evolution variants for global optimization.",
		booktitle = "GECCO'06",
		PAGES = {485-492},
		YEAR = {2006}  }
		
		@book{Holland1975,
		    author = {Holland, John H.},
		    isbn = {9780262581110},
		    keywords = {adaptation, algorithm, artificial, genetic, natural, systems},
		    month = apr,
		    posted-at = {2009-07-18 02:40:34},
		    priority = {2},
		    publisher = {A Bradford Book},
		    title = {{Adaptation in Natural and Artificial Systems: An Introductory Analysis with Applications to Biology, Control, and Artificial Intelligence}},
		    url = {http://www.amazon.com/exec/obidos/redirect?tag=citeulike07-20\&path=ASIN/0262581116},
		    year = {1992}
		}	
		
		
		@book{Rechenberg1973,
			    author = {Rechenberg, Ingo.},
			    citeulike-article-id = {1721818},
			    keywords = {neurofitter},
			    posted-at = {2007-10-03 02:05:07},
			    priority = {2},
			    publisher = {Frommann-Holzboog},
			    title = {{Evolutionsstrategie: optimierung technischer systeme nach prinzipien der biologischen evolution}},
			    year = {1973}
			}

			@phdthesis{Fogel1964, 
			Author = {Fogel, L.J.},
			Title = {On the organization of intellect },
			School = {University of California, Los Angeles},
			Year = {1964},			
			}
			
			@book{Goldberg1989,
			 author = {Goldberg, David E.},
			 title = {Genetic Algorithms in Search, Optimization and Machine Learning},
			 year = {1989},
			 isbn = {0201157675},
			 edition = {1st},
			 publisher = {Addison-Wesley Longman Publishing Co., Inc.},
			 address = {Boston, MA, USA},
			} 


			@ARTICLE{Keeney1979,
			author={Keeney, R. L. and Raiffa, H. and Rajala, David W.},
			journal={Systems, Man and Cybernetics, IEEE Transactions on}, title={Decisions with Multiple Objectives: Preferences and Value Trade-Offs},
			year={1979},
			month={july },
			volume={9},
			number={7},
			pages={403},
			keywords={},
			doi={10.1109/TSMC.1979.4310245},
			ISSN={0018-9472},}
			
			@article{Fishburn1974,
			author = {P. Fishburn},
			title = {Lexicographic Orders, Utilities, and Decision Rules: A Survey},
			journal = {Management Science},
			year = {1974},
			masid = {3324528}
			}

			@article{Charnes1977,
			author = {A. Charnes and W. W. Cooper and R. O. Ferguson},
			title = {Optimal Estimation of Executive Compensation by Linear Programming},
			journal = {Management Science},
			masid = {1977170},
			year = {1977}
			}
			
			@article {Gass1955,
			author = {Gass, Saul and Saaty, Thomas},
			title = {The computational algorithm for the parametric objective function},
			journal = {Naval Research Logistics Quarterly},
			volume = {2},
			number = {1-2},
			publisher = {Wiley Subscription Services, Inc., A Wiley Company},
			issn = {1931-9193},
			url = {http://dx.doi.org/10.1002/nav.3800020106},
			doi = {10.1002/nav.3800020106},
			pages = {39--45},
			year = {1955},
			}
			
			
			@ARTICLE{Haimes1971,
			author={Haimes Y., Lasdo L. S., Wismer D. A},
			journal={Systems, Man and Cybernetics, IEEE Transactions on}, title={On a Bicriterion Formulation of the Problems of Integrated System Identification and System Optimization},
			year={1971},
			month={july },
			volume={1},
			number={3},
			pages={296 -297},
			keywords={},
			doi={10.1109/TSMC.1971.4308298},
			ISSN={0018-9472},}
			
			
			#

			@incollection{Zeleny1973,
			Author = {Zeleny, M.},
			Title = {Compromise Programming},
			BookTitle = {Multiple Criteria Decision Making},
			Editor = {Cochrane, J. and Zeleny, M.},
			Publisher = {University of South Carolina Press},
			Address = {Columbia},
			Pages = {262-301},
			Year = {1973} 
			}

			
			@article{Wierzbicki1977,
			author = {A. P. Wierzbicki},
			title = {Basic Properties of Scalarizing Functionals for Multiobjective Optimization},
			journal = {Mathematische Operationsforschung und Statistik. Series Optimization},
			year = {1977},
			masid = {2771605}
			}
			
			@article{Sakawa1982,
			title = "Interactive multiobjective decision making by the sequential proxy optimization technique: SPOT",
			journal = "European Journal of Operational Research",
			volume = "9",
			number = "4",
			pages = "386 - 396",
			year = "1982",
			note = "",
			issn = "0377-2217",
			doi = "DOI: 10.1016/0377-2217(82)90183-7",
			url = "http://www.sciencedirect.com/science/article/pii/0377221782901837",
			author = "Masatoshi Sakawa"
			}

			@article{Wierzbicki1979, 
			title={The use of reference objectives in multiobjective optimization-Theoretical implications and practical experiences}, 	url={http://www.iiasa.ac.at/Publications/Documents/WP-79-066.pdf},
			 journal={Int Inst Applied System Analysis Laxenburg Austria}, author={Wierzbicki, A P}, year={1979}, pages={1--32}
			}
			
			@article{Korhonen1988,
			title = "A visual reference direction approach to solving discrete multiple criteria problems",
			journal = "European Journal of Operational Research",
			volume = "34",
			number = "2",
			pages = "152 - 159",
			year = "1988",
			note = "",
			issn = "0377-2217",
			doi = "DOI: 10.1016/0377-2217(88)90350-5",
			url = "http://www.sciencedirect.com/science/article/pii/0377221788903505",
			author = "Pekka Korhonen",
			keywords = "Multiple criteria",
			keywords = "computer graphics",
			keywords = "interactive",
			keywords = "discrete"
			}

			
			@book{Pareto1897,
			    author = {Pareto, Vilfredo},
			    citeulike-article-id = {1204571},
			    keywords = {income},
			    posted-at = {2007-04-03 15:49:36},
			    priority = {2},
			    publisher = {F. Rouge \& Cie., Lausanne, Switzerland},
			    title = {{Cours d'Economie Politique}},
			    volume = {2},
			    year = {1897}
			}

			@ARTICLE{Wolpert1997,
			    author = {David H. Wolpert and William G. Macready},
			    title = {No free lunch theorems for optimization},
			    journal = {IEEE TRANSACTIONS ON EVOLUTIONARY COMPUTATION},
			    year = {1997},
			    volume = {1},
			    number = {1},
			    pages = {67--82}
			}